%! Author = hugod
%! Date = 23/08/2023

@misc{dappradar,
    title={Dapp Radar: Top ranking dapps},
    url={https://dappradar.com/rankings}
}

@misc{uniswap,
    title={Uniswap},
    url={https://uniswap.org/}
}

@misc{metamaskdoc,
    title={MetaMask documentation},
    url={https://docs.metamask.io/}
}


@misc{metamaskplayground,
    title={MetaMask API playground},
    url={https://metamask.github.io/api-playground/api-documentation/}
}


@misc{ethersdoc,
    title={Ethers.js documentation},
    url={https://docs.ethers.org/v5/}
}


@misc{web3doc,
    title={Web3.js documentation},
    url={https://web3js.readthedocs.io/en/v1.10.0/}
}

@misc{eipdef,
    title={Ethereum Improvement Proposals},
    url={https://ethereum.org/en/eips/}
}

@misc{eip721,
    title={EIP721},
    url={https://eips.ethereum.org/EIPS/eip-721}
}

@misc{eip20,
    title={EIP20},
    url={https://eips.ethereum.org/EIPS/eip-20}
}

@misc{eip712,
    title={EIP712},
    url={https://eips.ethereum.org/EIPS/eip-712}
}

@misc{githubapi,
    title={GitHub API},
    url={https://docs.github.com/en/rest}
}

@misc{openzeppelin,
    title={OpenZeppelin},
    url={https://www.openzeppelin.com/}
}

@misc{ecodiag,
    title={EcoDiag},
    url={https://ecoinfo.cnrs.fr/ecodiag-calcul/}
}

@misc{iec,
    title={Illinois Environmental Council},
    url={https://ilenviro.org/energy/}
}

@misc{eia,
    title={U.S. Energy Information Administration},
    url={https://www.eia.gov/tools/faqs/faq.php?id=427&t=3}
}

